<record><leader>00000cas a22000007a 4500</leader><controlfield tag="001">13578522</controlfield><controlfield tag="008">860516d19651966njuwr ne      0    0eng d</controlfield><datafield ind1=" " ind2=" " tag="010"><subfield code="a">sn 86077160 </subfield></datafield><datafield ind1=" " ind2=" " tag="040"><subfield code="a">NPA</subfield><subfield code="b">eng</subfield><subfield code="c">NPA</subfield><subfield code="d">NJW</subfield><subfield code="d">OCLCQ</subfield></datafield><datafield ind1=" " ind2=" " tag="042"><subfield code="a">msc</subfield></datafield><datafield ind1="0" ind2="0" tag="245"><subfield code="a">Press-journal Northern Valley tribune.</subfield></datafield><datafield ind1=" " ind2=" " tag="260"><subfield code="a">Englewood, N.J. :</subfield><subfield code="b">[Press-Journal],</subfield><subfield code="c">1965-1966.</subfield></datafield><datafield ind1=" " ind2=" " tag="300"><subfield code="a">v. :</subfield><subfield code="b">ill.</subfield></datafield><datafield ind1=" " ind2=" " tag="310"><subfield code="a">Weekly</subfield></datafield><datafield ind1="0" ind2=" " tag="362"><subfield code="a">Vol. 92, no. 39 (Sept. 30, 1965)-v. 93, no. 38 (Sept. 22, 1966).</subfield></datafield><datafield ind1=" " ind2=" " tag="500"><subfield code="a">"Tenafly Northern Valley."</subfield></datafield><datafield ind1=" " ind2=" " tag="500"><subfield code="a">Published by Joseph H. Daniels, Oct. 28, 1965-Sept. 22, 1966.</subfield></datafield><datafield ind1=" " ind2=" " tag="530"><subfield code="a">Also issued on microfilm by Rutgers University Libraries.</subfield></datafield><datafield ind1=" " ind2=" " tag="752"><subfield code="a">United States</subfield><subfield code="b">New Jersey</subfield><subfield code="c">Bergen</subfield><subfield code="d">Englewood.</subfield></datafield><datafield ind1=" " ind2=" " tag="752"><subfield code="a">United States</subfield><subfield code="b">New Jersey</subfield><subfield code="c">Bergen</subfield><subfield code="d">Tenafly.</subfield></datafield><datafield ind1="0" ind2="0" tag="780"><subfield code="t">Press journal</subfield></datafield><datafield ind1="0" ind2="0" tag="785"><subfield code="t">Press-journal (Englewood, N.J. : 1966 : Tenafly Northern Valley ed.)</subfield><subfield code="w">(DLC)sn 86077161</subfield><subfield code="w">(OCoLC)13578562</subfield></datafield></record>